@article{Cole:TenfoldReductionBrownianNoise,
  author={G. D. Cole and W. Zhang and M. J. Martin and Jun Ye and M.
    Aspelmeyer},
  title={Tenfold reduction of Brownian noise in high-reflectivity optical
    coatings},
  journal={Nature Photonics},
  volume=7,
  pages=644,
  year=2013
}

@article{maiman1960stimulated,
  title={Stimulated Optical Radiation in Ruby},
  author={MAIMAN, TH},
  year={1960},
  publisher={Nature Publishing Group}
}

@article{PhysRev.112.1940,
  title = {Infrared and Optical Masers},
  author = {Schawlow, A. L. and Townes, C. H.},
  journal = {Phys. Rev.},
  volume = {112},
  issue = {6},
  pages = {1940--1949},
  numpages = {0},
  year = {1958},
  month = {Dec},
  publisher = {American Physical Society},
  doi = {10.1103/PhysRev.112.1940},
  url = {http://link.aps.org/doi/10.1103/PhysRev.112.1940}
}


@article{PhysRevLett.102.163601,
  title = {Prospects for a Millihertz-Linewidth Laser},
  author = {Meiser, D. and Ye, Jun and Carlson, D. R. and Holland, M. J.},
  journal = {Phys. Rev. Lett.},
  volume = {102},
  issue = {16},
  pages = {163601},
  numpages = {4},
  year = {2009},
  month = {Apr},
  doi = {10.1103/PhysRevLett.102.163601},
  url = {http://link.aps.org/doi/10.1103/PhysRevLett.102.163601},
  publisher = {American Physical Society}
}

@article{PhysRevA.81.033847,
  title = {Steady-state superradiance with alkaline-earth-metal atoms},
  author = {Meiser, D. and Holland, M. J.},
  journal = {Phys. Rev. A},
  volume = {81},
  issue = {3},
  pages = {033847},
  numpages = {4},
  year = {2010},
  month = {Mar},
  doi = {10.1103/PhysRevA.81.033847},
  url = {http://link.aps.org/doi/10.1103/PhysRevA.81.033847},
  publisher = {American Physical Society}
}

@article{PhysRevA.81.063827,
  title = {Intensity fluctuations in steady-state superradiance},
  author = {Meiser, D. and Holland, M. J.},
  journal = {Phys. Rev. A},
  volume = {81},
  issue = {6},
  pages = {063827},
  numpages = {7},
  year = {2010},
  month = {Jun},
  doi = {10.1103/PhysRevA.81.063827},
  url = {http://link.aps.org/doi/10.1103/PhysRevA.81.063827},
  publisher = {American Physical Society}
}

@article{Holland13,
  title = {Simulating Open Quantum Systems using the Simple Lie Group SU(4)},
  author = {Xu, Minghui and D. A. Tieri and M. J. Holland},
  journal = {arXiv:1302.6284 (2013)},
  }

@article {Hartmann:arXiv1201.1732,
author="Stephan Hartmann",
title="Generalized Dicke States",
journal="arXiv",
volume = "1201.1732",
year="2012",
eprint="arXiv/1201.1732",
doi=""
}
  
@Article{JPSJ.17.1100,
  title = {Generalized Cumulant Expansion Method},
  author = {Ryogo Kubo},
  journal = {Journal of the Physical Society of Japan},
  volume = {17},
  number = {7},
  pages = {1100-1120},
  numpages = {20},
  year = {1962},
  url = {http://jpsj.ipap.jp/link?JPSJ/17/1100/},
  doi = {10.1143/JPSJ.17.1100},
  publisher = {The Physical Society of Japan}
}

@book{Scully97,
    abstract = {{Quantum optics has witnessed significant theoretical and experimental developments in recent years. This book provides an in-depth and wide-ranging introduction to the subject, emphasizing throughout the basic principles and their applications. The book begins by developing the basic tools of quantum optics, and goes on to show the application of these tools in a variety of quantum optical systems, including lasing without inversion, squeezed states, and atom optics. The final four chapters discuss quantum optical tests of the foundations of quantum mechanics, and particular aspects of measurement theory. Assuming only a background of standard quantum mechanics and electromagnetic theory, and containing many problems and references, this book will be invaluable to graduate students of quantum optics, as well as to researchers in this field.}},
    author = {Scully, Marlan O. and Zubairy, M. Suhail},
    day = {28},
    edition = {1},
    howpublished = {Paperback},
    isbn = {0521435951},
    keywords = {book, quantum},
    month = sep,
    posted-at = {2009-04-15 13:38:05},
    priority = {2},
    publisher = {Cambridge University Press},
    title = {{Quantum Optics}},
    url = {http://www.amazon.com/exec/obidos/redirect?tag=citeulike07-20\&path=ASIN/0521435951},
    year = {1997}
}

@article{PhysRevA.47.1431,
  title = {Role of pumping statistics and dynamics of atomic polarization in quantum fluctuations of laser sources},
  author = {Kolobov, M. I. and Davidovich, L. and Giacobino, E. and Fabre, C.},
  journal = {Phys. Rev. A},
  volume = {47},
  issue = {2},
  pages = {1431--1446},
  year = {1993},
  month = {Feb},
  doi = {10.1103/PhysRevA.47.1431},
  url = {http://link.aps.org/doi/10.1103/PhysRevA.47.1431},
  publisher = {American Physical Society}
}

@article{ChenDeliciousLaser,
year={2009},
issn={1001-6538},
journal={Chinese Science Bulletin},
volume={54},
issue={3},
doi={10.1007/s11434-009-0073-y},
title={Active optical clock},
url={http://dx.doi.org/10.1007/s11434-009-0073-y},
publisher={SP Science in China Press},
keywords={optical atomic clock; laser linewidth; Schawlow-Townes formula; active atomic clock},
author={Chen, JingBiao},
pages={348-352},
language={English}
}

@article{PhysRevLett.101.260602,
  title = {Optical Interferometers with Reduced Sensitivity to Thermal Noise},
  author = {Kimble, H. J. and Lev, Benjamin L. and Ye, Jun},
  journal = {Phys. Rev. Lett.},
  volume = {101},
  issue = {26},
  pages = {260602},
  numpages = {4},
  year = {2008},
  month = {Dec},
  doi = {10.1103/PhysRevLett.101.260602},
  url = {http://link.aps.org/doi/10.1103/PhysRevLett.101.260602},
  publisher = {American Physical Society}
}

@article{PhysRevLett.89.253003,
  title = {Collective Cooling and Self-Organization of Atoms in a Cavity},
  author = {Domokos, Peter and Ritsch, Helmut},
  journal = {Phys. Rev. Lett.},
  volume = {89},
  issue = {25},
  pages = {253003},
  numpages = {4},
  year = {2002},
  month = {Dec},
  doi = {10.1103/PhysRevLett.89.253003},
  url = {http://link.aps.org/doi/10.1103/PhysRevLett.89.253003},
  publisher = {American Physical Society}
}

@article{PhysRev.93.99,
  title = {Coherence in Spontaneous Radiation Processes},
  author = {Dicke, R. H.},
  journal = {Phys. Rev.},
  volume = {93},
  issue = {1},
  pages = {99--110},
  year = {1954},
  month = {Jan},
  doi = {10.1103/PhysRev.93.99},
  url = {http://link.aps.org/doi/10.1103/PhysRev.93.99},
  publisher = {American Physical Society}
}

@article{ThompsonPaper,
  title = {A steady-state superradiant laser with less than one intracavity photon},
  author = {Bohnet, Justin G. and Chen, Zilong and Weiner, Joshua M. and Meiser, Dominic and Holland, Murray J. and Thompson, James K.},
  journal = {Nature},
  volume = {484},
  issue = {7392},
  pages = {78--81},
  year = {2002},
  month = {April},
  url = {http://dx.doi.org/10.1038/nature10920},
  publisher = {Nature Publishing Group}
}

@article{PhysRevA.51.809,
  title = {Theory for the linewidth of a bad-cavity laser},
  author = {van Exter, M. P. and Kuppens, S. J. M. and Woerdman, J. P.},
  journal = {Phys. Rev. A},
  volume = {51},
  issue = {1},
  pages = {809--816},
  year = {1995},
  month = {Jan},
  doi = {10.1103/PhysRevA.51.809},
  url = {http://link.aps.org/doi/10.1103/PhysRevA.51.809},
  publisher = {American Physical Society}
}

@article{PhysRevLett.72.3815,
  title = {Quantum-Limited Linewidth of a Bad-Cavity Laser},
  author = {Kuppens, S. J. M. and van Exter, M. P. and Woerdman, J. P.},
  journal = {Phys. Rev. Lett.},
  volume = {72},
  issue = {24},
  pages = {3815--3818},
  year = {1994},
  month = {Jun},
  doi = {10.1103/PhysRevLett.72.3815},
  url = {http://link.aps.org/doi/10.1103/PhysRevLett.72.3815},
  publisher = {American Physical Society}
}

@article{Dalibard92,
  title = {Wave-function approach to dissipative processes in quantum optics},
  author = {Dalibard, Jean and Castin, Yvan and M\o{}lmer, Klaus},
  journal = {Phys. Rev. Lett.},
  volume = {68},
  issue = {5},
  pages = {580--583},
  year = {1992},
  month = {Feb},
  doi = {10.1103/PhysRevLett.68.580},
  url = {http://link.aps.org/doi/10.1103/PhysRevLett.68.580},
  publisher = {American Physical Society}
}

@article{Dum92,
  title = {Monte Carlo simulation of the atomic master equation for spontaneous emission},
  author = {Dum, R. and Zoller, P. and Ritsch, H.},
  journal = {Phys. Rev. A},
  volume = {45},
  issue = {7},
  pages = {4879--4887},
  year = {1992},
  month = {Apr},
  doi = {10.1103/PhysRevA.45.4879},
  url = {http://link.aps.org/doi/10.1103/PhysRevA.45.4879},
  publisher = {American Physical Society}
}
@article{Knight98,
  title = {The quantum-jump approach to dissipative dynamics in quantum optics},
  author = {Plenio, M. B. and Knight, P. L.},
  journal = {Rev. Mod. Phys.},
  volume = {70},
  issue = {1},
  pages = {101--144},
  year = {1998},
  month = {Jan},
  doi = {10.1103/RevModPhys.70.101},
  url = {http://link.aps.org/doi/10.1103/RevModPhys.70.101},
  publisher = {American Physical Society}
}

@article{HakenLaser,
  title = {Theory of Intensity and Phase Fluctuations of a Homogeneously Broadened Laser},
  author = {Haken, H.},
  journal = {Z. Phys.},
  volume = {190},
  pages = {327},
  year = {1966}
  }
 
 @book{HakenLaserBook,
year={1983},
isbn={978-3-540-12188-6},
title={Laser Theory},
doi={10.1007/978-3-642-45556-8_1},
url={http://dx.doi.org/10.1007/978-3-642-45556-8_1},
publisher={Springer Berlin Heidelberg},
author={Haken, Hermann},
pages={1-9},
language={English}
}
  
  @book{carmichael1999statistical,
  title={Statistical Methods in Quantum Optics},
  author={Carmichael, H.J.},
  number={v. 1},
  isbn={9783540548829},
  lccn={98040873},
  issn={0172-5998},
  series={Statistical Methods in Quantum Optics},
  url={http://books.google.com/books?id=ocgRgM-yJacC},
  year={1999},
  publisher={Springer}
}

@book{QuantumNoiseBook,
  title={Quantum Noise},
  author={Gardiner, Crispin and Zoller, Peter},
  year={2004},
  publisher={Springer}
}

@book{meystre2007elements,
  title={Elements of quantum optics},
  author={Meystre, Pierre and Sargent, Murray},
  year={2007},
  publisher={Springer}
}
